%%%%%%%%%%%%%%%%%%%%%%%%%%%%%%%%%%%%%%%%%%%%%%%%%%%%%%%%%%%%%%%%%%%%%%%%
% Copyright (c) 2024 The authors
%
% This work is licensed under a
% Creative Commons Attribution-ShareAlike 4.0 International License.
%
% You should have received a copy of the license along with this
% work. If not, see <http://creativecommons.org/licenses/by-sa/4.0/>.
%%%%%%%%%%%%%%%%%%%%%%%%%%%%%%%%%%%%%%%%%%%%%%%%%%%%%%%%%%%%%%%%%%%%%%%%

%% BiBTeX database for paper.tex and paper-supplement.tex bibliography

@article{abdi2010partial,
  title   = {Partial least squares regression and projection on latent structure regression (PLS Regression)},
  author  = {Abdi, Herv√©},
  year    = {2010},
  journal = {WIREs Computational Statistics},
  volume  = {2},
  number  = {1},
  pages   = {97--106},
  doi     = {10.1002/wics.51},
}

@article{abraham2024informative,
  title   = {An informative prior distribution on functions with application to functional regression},
  author  = {Abraham, Christophe},
  year    = {2024},
  journal = {Statistica Neerlandica},
  volume  = {78},
  number  = {2},
  pages   = {357--373},
  doi     = {10.1111/stan.12322},
}


@article{abraham2020posterior,
  title   = {Posterior concentration for a misspecified Bayesian regression model with functional covariates},
  author  = {Abraham, Christophe and Grollemund, Paul-Marie},
  year    = {2020},
  journal = {Journal of Statistical Planning and Inference},
  volume  = {208},
  pages   = {58-65},
  doi     = {10.1016/j.jspi.2020.01.008},
}


@article{aguilera2010using,
  title     = {Using basis expansions for estimating functional PLS regression: applications with chemometric data},
  author    = {Aguilera, Ana M and Escabias, Manuel and Preda, Cristian and Saporta, Gilbert},
  year      = {2010},
  journal   = {Chemometrics and Intelligent Laboratory Systems},
  volume    = {104},
  number    = {2},
  pages     = {289--305},
  doi       = {10.1016/j.chemolab.2010.09.007},
  publisher = {Elsevier},
}


@article{aguilera2013comparative,
  title     = {Comparative study of different B-spline approaches for functional data},
  author    = {Aguilera, Ana M. and Aguilera-Morillo, M.C.},
  year      = {2013},
  journal   = {Mathematical and Computer Modelling},
  volume    = {58},
  number    = {7-8},
  pages     = {1568--1579},
  doi       = {10.1016/j.mcm.2013.04.007},
  publisher = {Elsevier},
}


@article{albert1984existence,
  title     = {On the existence of maximum likelihood estimates in logistic regression models},
  author    = {Albert, Adelin and Anderson, John A},
  year      = {1984},
  journal   = {Biometrika},
  volume    = {71},
  number    = {1},
  pages     = {1--10},
  doi       = {10.1093/biomet/71.1.1},
  publisher = {Oxford University Press},
}


@article{amewou2003posterior,
  title     = {Posterior consistency for semi-parametric regression problems},
  author    = {Amewou-Atisso, Messan and Ghosal, Subhashis and Ghosh, Jayanta K and Ramamoorthi, R V},
  year      = {2003},
  journal   = {Bernoulli},
  volume    = {9},
  number    = {2},
  pages     = {291--312},
  doi       = {10.3150/bj/1068128979},
  publisher = {Bernoulli Society for Mathematical Statistics and Probability},
}


@article{baragatti2012study,
  title     = {A study of variable selection using g-prior distribution with ridge parameter},
  author    = {Baragatti, Meili and Pommeret, Denys},
  year      = {2012},
  journal   = {Computational Statistics \& Data Analysis},
  volume    = {56},
  number    = {6},
  pages     = {1920--1934},
  doi       = {10.1016/j.csda.2011.11.017},
  publisher = {Elsevier},
}


@book{berlinet2004reproducing,
  title     = {Reproducing Kernel Hilbert Spaces in Probability and Statistics},
  author    = {Berlinet, Alain and Thomas-Agnan, Christine},
  year      = {2004},
  doi       = {10.1007/978-1-4419-9096-9},
  isbn      = {978-1-4020-7679-4},
  publisher = {Springer},
}


@article{berrendero2023functional,
  title     = {On functional logistic regression: some conceptual issues},
  author    = {Berrendero, Jos\'{e} R and Bueno-Larraz, Beatriz and Cuevas, Antonio},
  year      = {2023},
  journal   = {Test},
  volume    = {32},
  pages     = {321--349},
  doi       = {10.1007/s11749-022-00836-9},
  publisher = {Springer},
}

@article{berrendero2020mahalanobis,
  title   = {On Mahalanobis Distance in Functional Settings.},
  author  = {Berrendero, Jos\'{e} R and Bueno-Larraz, Beatriz and Cuevas, Antonio},
  year    = {2020},
  journal = {Journal of Machine Learning Research},
  volume  = {21},
  number  = {9},
  pages   = {1--33},
  url     = {http://jmlr.org/papers/v21/18-156.html},
}


@article{berrendero2019rkhs,
  title     = {An RKHS model for variable selection in functional linear regression},
  author    = {Berrendero, Jos\'{e} R and Bueno-Larraz, Beatriz and Cuevas, Antonio},
  year      = {2019},
  journal   = {Journal of Multivariate Analysis},
  volume    = {170},
  pages     = {25--45},
  doi       = {10.1016/j.jmva.2018.04.008},
  publisher = {Elsevier},
}


@article{berrendero2024functional,
  title   = {On the functional regression model and its finite-dimensional approximations},
  author  = {Berrendero, Jos\'{e} R and Cholaquidis, Alejandro and Cuevas, Antonio},
  year    = {2024},
  journal = {Statistical Papers},
  pages   = {1--35},
  doi     = {10.1007/s00362-024-01567-9},
}

@article{berrendero2018use,
  title     = {On the use of reproducing kernel Hilbert spaces in functional classification},
  author    = {Berrendero, Jos\'{e} R and Cuevas, Antonio and Torrecilla, Jos\'{e} L},
  year      = {2018},
  journal   = {Journal of the American Statistical Association},
  volume    = {113},
  number    = {523},
  pages     = {1210--1218},
  doi       = {10.1080/01621459.2017.1320287},
  publisher = {Taylor \& Francis},
}

@article{berrendero2016variable,
  title     = {Variable selection in functional data classification: a maxima-hunting proposal},
  author    = {Berrendero, Jos\'{e} R and Cuevas, Antonio and Torrecilla, Jos\'{e} L},
  year      = {2016},
  journal   = {Statistica Sinica},
  pages     = {619--638},
  doi       = {10.5705/ss.202014.0014},
  publisher = {Jstor},
}

@article{berrendero2024supplement,
  title   = {Supplementary Material of `A Bayesian approach to functional regression: theory and computation'},
  author  = {Berrendero, Jos\'{e} R. and Co\'{\i}n, Antonio and Cuevas, Antonio},
  year    = {2024},
  journal = {Bayesian Analysis},
  doi     = {xx.xxxx/xxxxxxxxx},
}


@article{borggaard1992optimal,
  title     = {Optimal minimal neural interpretation of spectra},
  author    = {Borggaard, Claus and Thodberg, Hans Henrik},
  year      = {1992},
  journal   = {Analytical Chemistry},
  volume    = {64},
  number    = {5},
  pages     = {545--551},
  doi       = {10.1021/ac00029a018},
  publisher = {ACS Publications},
}

@article{bro1999exploratory,
  title     = {Exploratory study of sugar production using fluorescence spectroscopy and multi-way analysis},
  author    = {Bro, Rasmus},
  year      = {1999},
  journal   = {Chemometrics and Intelligent Laboratory Systems},
  volume    = {46},
  number    = {2},
  pages     = {133--147},
  doi       = {10.1016/s0169-7439(98)00181-6},
  publisher = {Elsevier},
}



@article{brooks2003efficient,
  title   = {Efficient construction of reversible jump Markov chain Monte Carlo proposal distributions},
  author  = {Brooks, Stephen P and Giudici, Paolo and Roberts, Gareth O},
  year    = {2003},
  journal = {Journal of the Royal Statistical Society Series B: Statistical Methodology},
  volume  = {65},
  number  = {1},
  pages   = {3--39},
  doi     = {10.1111/1467-9868.03711},
}


@book{brooks2011handbook,
  title     = {Handbook of Markov Chain Monte Carlo},
  author    = {Brooks, Steve and Gelman, Andrew and Jones, Galin and Meng, Xiao-Li},
  year      = {2011},
  doi       = {10.1201/b10905},
  publisher = {Chapman and Hall/CRC},
}


@article{bueno2019variable,
  title     = {Variable Selection for the Prediction of \(C[0, 1]\)-Valued Autoregressive Processes using Reproducing Kernel Hilbert Spaces},
  author    = {Bueno-Larraz, Beatriz and Klepsch, Johannes},
  year      = {2019},
  journal   = {Technometrics},
  volume    = {61},
  number    = {2},
  pages     = {139--153},
  doi       = {10.1080/00401706.2018.1505660},
  publisher = {Taylor \& Francis},
}


@article{candes2020phase,
  title     = {The phase transition for the existence of the maximum likelihood estimate in high-dimensional logistic regression},
  author    = {Cand{\`e}s, Emmanuel J. and Sur, Pragya},
  year      = {2020},
  journal   = {The Annals of Statistics},
  volume    = {48},
  number    = {1},
  pages     = {27 -- 42},
  doi       = {10.1214/18-AOS1789},
  publisher = {Institute of Mathematical Statistics},
}


@incollection{cardot2011functional,
  title     = {Functional Linear Regression},
  booktitle = {The Oxford Handbook of Functional Data Analysis},
  author    = {Cardot, H and Sarda, P},
  year      = {2018},
  pages     = {21--46},
  doi       = {10.1093/oxfordhb/9780199568444.013.2},
  editor    = {Ferraty, F and Romain, Y},
  publisher = {Oxford Handbooks},
}


@article{carey1998relationship,
  title     = {Relationship of Age Patterns of Fecundity to Mortality, Longevity, and Lifetime Reproduction in a Large Cohort of Mediterranean Fruit Fly Females},
  author    = {Carey, James R and Liedo, Pablo and M\"{u}ller, Hans-Georg and Wang, Jane-Ling and Chiou, Jeng-Min},
  year      = {1998},
  journal   = {The Journals of Gerontology: Series A},
  volume    = {53},
  number    = {4},
  pages     = {B245--B251},
  doi       = {10.1093/gerona/53a.4.b245},
  publisher = {The Gerontological Society of America},
}


@article{carlin1995bayesian,
  title   = {Bayesian model choice via Markov chain Monte Carlo methods},
  author  = {Carlin, Bradley P and Chib, Siddhartha},
  year    = {1995},
  journal = {Journal Of The Royal Statistical Society Series B: Statistical Methodology},
  volume  = {57},
  number  = {3},
  pages   = {473--484},
  doi     = {10.1111/j.2517-6161.1995.tb02042.x},
}

@article{celeux2000computational,
  title     = {Computational and Inferential Difficulties with Mixture Posterior Distributions},
  author    = {Celeux, Gilles and Hurn, Merrilee and Robert, Christian P},
  year      = {2000},
  journal   = {Journal of the American Statistical Association},
  volume    = {95},
  number    = {451},
  pages     = {957--970},
  doi       = {10.1080/01621459.2000.10474285},
  publisher = {Taylor \& Francis},
}

@incollection{choi2008remarks,
  title     = {Remarks on consistency of posterior distributions},
  booktitle = {Pushing the limits of contemporary statistics: contributions in honor of Jayanta K. Ghosh},
  author    = {Choi, Taeryon and Ramamoorthi, R. V.},
  year      = {2008},
  pages     = {170--186},
  doi       = {10.1214/074921708000000138},
  editor    = {Bertrand Clarke and Subhashis Ghosal},
  publisher = {Institute of Mathematical Statistics Collections},
}


@article{crainiceanu2010bayesian,
  title   = {Bayesian Functional Data Analysis Using WinBUGS},
  author  = {Crainiceanu, Ciprian M. and Goldsmith, A. Jeffrey},
  year    = {2010},
  journal = {Journal of Statistical Software},
  volume  = {32},
  number  = {11},
  pages   = {1--33},
  doi     = {10.18637/jss.v032.i11},
}


@article{cuevas2014partial,
  title     = {A partial overview of the theory of statistics with functional data},
  author    = {Cuevas, Antonio},
  year      = {2014},
  journal   = {Journal of Statistical Planning and Inference},
  volume    = {147},
  pages     = {1--23},
  doi       = {10.1016/j.jspi.2013.04.002},
  publisher = {Elsevier},
}


@article{cuevas2007robust,
  title     = {Robust estimation and classification for functional data via projection-based depth notions},
  author    = {Cuevas, Antonio and Febrero, Manuel and Fraiman, Ricardo},
  year      = {2007},
  journal   = {Computational Statistics},
  volume    = {22},
  number    = {3},
  pages     = {481--496},
  doi       = {10.1007/s00180-007-0053-0},
  publisher = {Springer},
}


@article{cuevas2004anova,
  title     = {An anova test for functional data},
  author    = {Cuevas, Antonio and Febrero, Manuel and Fraiman, Ricardo},
  year      = {2004},
  journal   = {Computational Statistics \& Data Analysis},
  volume    = {47},
  number    = {1},
  pages     = {111--122},
  doi       = {10.1016/j.csda.2003.10.021},
  publisher = {Elsevier},
}


@inproceedings{davies2023transport,
  title     = {Transport Reversible Jump Proposals},
  booktitle = {Proceedings of The 26th International Conference on Artificial Intelligence and Statistics},
  author    = {Davies, Laurence and Salomone, Robert and Sutton, Matthew and Drovandi, Chris},
  year      = {2023},
  volume    = {206},
  pages     = {6839--6852},
  editor    = {Ruiz, Francisco and Dy, Jennifer and van de Meent, Jan-Willem},
  publisher = {PMLR},
  series    = {Proceedings of Machine Learning Research},
  url       = {https://proceedings.mlr.press/v206/davies23a.html},
}


@article{delaigle2012achieving,
  title     = {Achieving near Perfect Classification for Functional Data},
  author    = {Delaigle, Aurore and Hall, Peter},
  year      = {2012},
  journal   = {Journal of the Royal Statistical Society Series B: Statistical Methodology},
  volume    = {74},
  number    = {2},
  pages     = {267--286},
  doi       = {10.1111/j.1467-9868.2011.01003.x},
  publisher = {Wiley Online Library},
}

@article{delaigle2012methodology,
  title     = {Methodology and theory for partial least squares applied to functional data},
  author    = {Delaigle, Aurore and Hall, Peter},
  year      = {2012},
  journal   = {The Annals of Statistics},
  volume    = {40},
  number    = {1},
  pages     = {322--352},
  doi       = {10.1214/11-aos958},
  publisher = {Institute of Mathematical Statistics},
}


@article{diaconis1986consistency,
  title     = {On the Consistency of Bayes Estimates},
  author    = {Diaconis, Persi and Freedman, David},
  year      = {1986},
  journal   = {The Annals of Statistics},
  volume    = {14},
  number    = {1},
  pages     = {1--26},
  doi       = {10.1214/aos/1176349830},
  publisher = {Jstor},
}


@article{doob1949application,
  title     = {Application of the theory of martingales},
  author    = {Doob, Joseph L},
  year      = {1949},
  journal   = {Le calcul des probabilit√©s et ses applications. Colloques Internationaux},
  volume    = {13},
  pages     = {23--27},
  note      = {\lowercase{url}: \url{https://www.jehps.net/juin2009/Locker.pdf} [at the end]},
  publisher = {Colloque Internationaux du Centre National de la Recherche Scientifique},
}


@book{dudley2002real,
  title     = {Real Analysis and Probability},
  author    = {Dudley, Richard M},
  year      = {2002},
  doi       = {10.1017/CBO9780511755347},
  publisher = {Cambridge University Press},
}


@article{ferguson1974prior,
  title     = {Prior Distributions on Spaces of Probability Measures},
  author    = {Ferguson, Thomas S.},
  year      = {1974},
  journal   = {The Annals of Statistics},
  volume    = {2},
  number    = {4},
  pages     = {615 -- 629},
  doi       = {10.1214/aos/1176342752},
  publisher = {Institute of Mathematical Statistics},
}


@article{ferraty2010most,
  title     = {Most-predictive design points for functional data predictors},
  author    = {Ferraty, Fr\'{e}d\'{e}ric and Hall, P and Vieu, Philippe},
  year      = {2010},
  journal   = {Biometrika},
  volume    = {97},
  number    = {4},
  pages     = {807--824},
  doi       = {10.1093/biomet/asq058},
  publisher = {Oxford University Press},
}


@book{ferraty2006nonparametric,
  title     = {Nonparametric functional data analysis: theory and practice},
  author    = {Ferraty, Fr\'{e}d\'{e}ric and Vieu, Philippe},
  year      = {2006},
  doi       = {10.1007/0-387-36620-2},
  publisher = {Springer},
}

@article{firth1993bias,
  title     = {Bias reduction of maximum likelihood estimates},
  author    = {Firth, David},
  year      = {1993},
  journal   = {Biometrika},
  volume    = {80},
  number    = {1},
  pages     = {27--38},
  doi       = {10.1093/biomet/80.1.27},
  publisher = {Oxford University Press},
}

@book{folland1999real,
  title     = {Real Analysis: Modern Techniques and Their Applications},
  author    = {Folland, Gerald B},
  year      = {1999},
  publisher = {John Wiley \& Sons},
}


@article{foreman2013emcee,
  title     = {emcee: the MCMC hammer},
  author    = {Foreman-Mackey, Daniel and Hogg, David W and Lang, Dustin and Goodman, Jonathan},
  year      = {2013},
  journal   = {Publications of the Astronomical Society of the Pacific},
  volume    = {125},
  number    = {925},
  pages     = {306--312},
  doi       = {10.1086/670067},
  publisher = {IOP Publishing},
}

@article{fraiman2001trimmed,
  title     = {Trimmed means for functional data},
  author    = {Fraiman, Ricardo and Muniz, Graciela},
  year      = {2001},
  journal   = {Test},
  volume    = {10},
  number    = {2},
  pages     = {419--440},
  doi       = {10.1007/bf02595706},
  publisher = {Springer},
}



@article{galeano2015mahalanobis,
  title     = {The Mahalanobis Distance for Functional Data With Applications to Classification},
  author    = {Galeano, Pedro and Joseph, Esdras and Lillo, Rosa E},
  year      = {2015},
  journal   = {Technometrics},
  volume    = {57},
  number    = {2},
  pages     = {281--291},
  doi       = {10.1080/00401706.2014.902774},
  publisher = {Taylor \& Francis},
}


@book{gelman2013bayesian,
  title     = {Bayesian Data Analysis},
  author    = {Gelman, Andrew and Carlin, John B and Stern, Hal S and Dunson, David B and Vehtari, Aki and Rubin, Donald B},
  year      = {2013},
  doi       = {10.1201/b16018},
  publisher = {Chapman and Hall/CRC},
}


@article{gelman2008weakly,
  title   = {A weakly informative default prior distribution for logistic and other regression models},
  author  = {Gelman, Andrew and Jakulin, Aleks and Pittau, Maria Grazia and Su, Yu-Sung},
  year    = {2008},
  journal = {The Annals of Applied Statistics},
  volume  = {2},
  number  = {4},
  pages   = {1360--1383},
  doi     = {10.1214/08-AOAS191},
}


@article{gelman1992inference,
  title   = {Inference from iterative simulation using multiple sequences},
  author  = {Gelman, Andrew and Rubin, Donald B},
  year    = {1992},
  journal = {Statistical Science},
  volume  = {7},
  number  = {4},
  pages   = {457--472},
  doi     = {10.1214/ss/1177011136},
}


@article{ghosh2005maximum,
  title     = {On Maximum Depth and Related Classifiers},
  author    = {Ghosh, Anil K and Chaudhuri, Probal},
  year      = {2005},
  journal   = {Scandinavian Journal of Statistics},
  volume    = {32},
  number    = {2},
  pages     = {327--350},
  doi       = {10.1111/j.1467-9469.2005.00423.x},
  publisher = {Wiley Online Library},
}


@book{ghosh2003bayesian,
  title     = {Bayesian Nonparametrics},
  author    = {Ghosh, J.K. and Ramamoorthi, R V},
  year      = {2003},
  doi       = {10.1007/b97842},
  isbn      = {9780387955377},
  publisher = {Springer},
}


@article{ghosh2018use,
  title   = {On the use of Cauchy prior distributions for Bayesian logistic regression},
  author  = {Ghosh, Joyee and Li, Yingbo and Mitra, Robin},
  year    = {2018},
  journal = {Bayesian Analysis},
  volume  = {13},
  number  = {2},
  pages   = {359--383},
  doi     = {10.1214/17-BA1051},
}


@article{goia2016introduction,
  title   = {An introduction to recent advances in high/infinite dimensional statistics},
  author  = {Goia, Aldo and Vieu, Philippe},
  year    = {2016},
  journal = {Journal of Multivariate Analysis},
  volume  = {146},
  pages   = {1--6},
  doi     = {10.1016/j.jmva.2015.12.001},
}

@article{goodman2010ensemble,
  title     = {Ensemble samplers with affine invariance},
  author    = {Goodman, Jonathan and Weare, Jonathan},
  year      = {2010},
  journal   = {Communications in Applied Mathematics and Computational Science},
  volume    = {5},
  number    = {1},
  pages     = {65--80},
  doi       = {10.2140/camcos.2010.5.65},
  publisher = {Mathematical Sciences Publishers},
}


@article{green1995reversible,
  title     = {Reversible jump Markov chain Monte Carlo computation and Bayesian model determination},
  author    = {Green, Peter J},
  year      = {1995},
  journal   = {Biometrika},
  volume    = {82},
  number    = {4},
  pages     = {711--732},
  doi       = {10.2307/2337340},
  publisher = {Oxford University Press},
}

@article{grollemund2019bayesian,
  title     = {Bayesian Functional Linear Regression with Sparse Step Functions},
  author    = {Grollemund, Paul-Marie and Abraham, Christophe and Baragatti, Me\"{\i}li and Pudlo, Pierre},
  year      = {2019},
  journal   = {Bayesian Analysis},
  volume    = {14},
  number    = {1},
  pages     = {111 -- 135},
  doi       = {10.1214/18-BA1095},
  keywords  = {Bayesian regression, functional data, parsimony, support estimate},
  publisher = {International Society for Bayesian Analysis},
}

@article{hastie1995penalized,
  title     = {Penalized discriminant analysis},
  author    = {Hastie, Trevor and Buja, Andreas and Tibshirani, Robert},
  year      = {1995},
  journal   = {The Annals of Statistics},
  volume    = {23},
  number    = {1},
  pages     = {73--102},
  doi       = {10.1214/aos/1176324456},
  publisher = {Institute of Mathematical Statistics},
}


@article{hoeting1999bayesian,
  title   = {Bayesian model averaging: a tutorial (with comments by M. Clyde, David Draper and E. I. George, and a rejoinder by the authors)},
  author  = {Hoeting, Jennifer A and Madigan, David and Raftery, Adrian E and Volinsky, Chris T},
  year    = {1999},
  journal = {Statistical Science},
  volume  = {14},
  number  = {4},
  pages   = {382--417},
  doi     = {10.1214/ss/1009212519},
}

@book{hsing2015theoretical,
  title     = {Theoretical Foundations of Functional Data Analysis, with an Introduction to Linear Operators},
  author    = {Hsing, Tailen and Eubank, Randall},
  year      = {2015},
  doi       = {10.1002/9781118762547},
  publisher = {John Wiley \& Sons},
}

@article{hukushima1996exchange,
  title   = {Exchange Monte Carlo method and application to spin glass simulations},
  author  = {Hukushima, Koji and Nemoto, Koji},
  year    = {1996},
  journal = {Journal of the Physical Society of Japan},
  volume  = {65},
  number  = {6},
  pages   = {1604--1608},
  doi     = {10.1143/JPSJ.65.1604},
}



@article{james2001functional,
  title     = {Functional Linear Discriminant Analysis for Irregularly Sampled Curves},
  author    = {James, Gareth M and Hastie, Trevor},
  year      = {2001},
  journal   = {Journal of the Royal Statistical Society Series B: Statistical Methodology},
  volume    = {63},
  number    = {3},
  pages     = {533--550},
  doi       = {10.1111/1467-9868.00297},
  publisher = {Wiley Online Library},
}




@article{james2009functional,
  title     = {Functional linear regression that's interpretable},
  author    = {James, Gareth M and Wang, Jing and Zhu, Ji},
  year      = {2009},
  journal   = {The Annals of Statistics},
  volume    = {37},
  number    = {5A},
  pages     = {2083--2108},
  doi       = {10.1214/08-aos641},
  publisher = {Institute of Mathematical Statistics},
}


@article{jasra2005markov,
  title     = {Markov Chain Monte Carlo Methods and the Label Switching Problem in Bayesian Mixture Modeling},
  author    = {Jasra, Ajay and Holmes, Chris C and Stephens, David A},
  year      = {2005},
  journal   = {Statistical Science},
  volume    = {20},
  number    = {1},
  pages     = {50--67},
  doi       = {10.1214/088342305000000016},
  publisher = {Institute of Mathematical Statistics},
}


@article{jeffreys1946invariant,
  title     = {An invariant form for the prior probability in estimation problems},
  author    = {Jeffreys, Harold},
  year      = {1946},
  journal   = {Proceedings of the Royal Society of London Series A: Mathematical and Physical Sciences},
  volume    = {186},
  number    = {1007},
  pages     = {453--461},
  doi       = {10.1098/rspa.1946.0056},
  publisher = {The Royal Society London},
}


@article{kalivas1997two,
  title     = {Two data sets of near infrared spectra},
  author    = {Kalivas, John H},
  year      = {1997},
  journal   = {Chemometrics and Intelligent Laboratory Systems},
  volume    = {37},
  number    = {2},
  pages     = {255--259},
  doi       = {10.1016/s0169-7439(97)00038-5},
  publisher = {Elsevier},
}


@article{kang2023fast,
  title     = {Fast Bayesian Functional Regression for Non-Gaussian Spatial Data},
  author    = {Kang, Hyun Bin and Jung, Yeo Jin and Park, Jaewoo},
  year      = {2024},
  journal   = {Bayesian Analysis},
  volume    = {19},
  number    = {2},
  pages     = {407--438},
  doi       = {10.1214/22-ba1354},
  publisher = {International Society for Bayesian Analysis},
}


@article{karnesis2023eryn,
  title   = {Eryn: a multipurpose sampler for Bayesian inference},
  author  = {Karnesis, Nikolaos and Katz, Michael L and Korsakova, Natalia and Gair, Jonathan R and Stergioulas, Nikolaos},
  year    = {2023},
  journal = {Monthly Notices of the Royal Astronomical Society},
  volume  = {526},
  number  = {4},
  pages   = {4814--4830},
  doi     = {10.1093/mnras/stad2939},
}


@article{korsakova2024neural,
  title   = {Neural density estimation for Galactic Binaries in LISA data analysis},
  author  = {Korsakova, Natalia and Babak, Stanislav and Katz, Michael L and Karnesis, Nikolaos and Khukhlaev, Sviatoslav and Gair, Jonathan R},
  year    = {2024},
  journal = {arXiv preprint \href{https://arxiv.org/abs/2402.13701}{arXiv:2402.13701}},
}


@article{kupresanin2010rkhs,
  title     = {An RKHS framework for functional data analysis},
  author    = {Kupresanin, Ana and Shin, Hyejin and King, David and Eubank, RL},
  year      = {2010},
  journal   = {Journal of Statistical Planning and Inference},
  volume    = {140},
  number    = {12},
  pages     = {3627--3637},
  doi       = {10.1016/j.jspi.2010.04.030},
  publisher = {Elsevier},
}


@article{lopez2009concept,
  title     = {On the Concept of Depth for Functional Data},
  author    = {L\'{o}pez-Pintado, Sara and Romo, Juan},
  year      = {2009},
  journal   = {Journal of the American Statistical Association},
  volume    = {104},
  number    = {486},
  pages     = {718--734},
  doi       = {10.1198/jasa.2009.0108},
  publisher = {Taylor \& Francis},
}


@article{lian2016posterior,
  title   = {Posterior convergence for Bayesian functional linear regression},
  author  = {Lian, Heng and Choi, Taeryon and Meng, Jie and Jo, Seongil},
  year    = {2016},
  journal = {Journal of Multivariate Analysis},
  volume  = {150},
  pages   = {27-41},
  doi     = {10.1016/j.jmva.2016.04.008},
}


@incollection{loeve1948fonctions,
  title     = {Fonctions al\'{e}atoires du second ordre},
  booktitle = {Processus stochastiques et mouvement Brownien},
  author    = {Lo\`{e}ve, M.},
  year      = {1948},
  pages     = {299--352},
  editor    = {P. L\'{e}vy},
  publisher = {Gauthier-Villars},
}

@article{lukic2001stochastic,
  title   = {Stochastic processes with sample paths in reproducing kernel Hilbert spaces},
  author  = {Luki\'{c}, Milan N and Beder, Jay H},
  year    = {2001},
  journal = {Transactions of the American Mathematical Society},
  volume  = {353},
  number  = {10},
  pages   = {3945--3969},
  doi     = {10.1090/s0002-9947-01-02852-5},
}


@article{muller2005generalized,
  title     = {Generalized functional linear models},
  author    = {M\"{u}ller, Hans-Georg and Stadtm\"{u}ller, Ulrich},
  year      = {2005},
  journal   = {The Annals of Statistics},
  volume    = {33},
  number    = {2},
  pages     = {774--805},
  doi       = {10.1214/009053604000001156},
  publisher = {Institute of Mathematical Statistics},
}

@article{miller2023consistency,
  title     = {Consistency of mixture models with a prior on the number of components},
  author    = {Miller, Jeffrey W},
  year      = {2023},
  journal   = {Dependence Modeling},
  volume    = {11},
  number    = {1},
  pages     = {20220150},
  doi       = {10.1515/demo-2022-0150},
  publisher = {De Gruyter},
}

@article{miller2018detailed,
  title   = {A detailed treatment of Doob's theorem},
  author  = {Miller, Jeffrey W},
  year    = {2018},
  journal = {arXiv preprint \href{https://arxiv.org/abs/1801.03122}{arXiv:1801.03122}},
}

@article{miller2018mixture,
  title     = {Mixture Models with a Prior on the Number of Components},
  author    = {Miller, Jeffrey W and Harrison, Matthew T},
  year      = {2018},
  journal   = {Journal of the American Statistical Association},
  volume    = {113},
  number    = {521},
  pages     = {340--356},
  doi       = {10.1080/01621459.2016.1255636},
  publisher = {Taylor \& Francis},
}

@phdthesis{nobile1994bayesian,
  title  = {Bayesian analysis of finite mixture distributions},
  author = {Nobile, Agostino},
  year   = {1994},
  school = {Carnegie Mellon University},
}


@article{nobile2007bayesian,
  title   = {Bayesian finite mixtures with an unknown number of components: The allocation sampler},
  author  = {Nobile, Agostino and Fearnside, Alastair T},
  year    = {2007},
  journal = {Statistics and Computing},
  volume  = {17},
  pages   = {147--162},
  doi     = {10.1007/s11222-006-9014-7},
}

@article{papastamoulis2015label,
  title   = {label.switching: An R Package for Dealing with the Label Switching Problem in MCMC Outputs },
  author  = {Papastamoulis, Panagiotis},
  year    = {2016},
  journal = {Journal of Statistical Software},
  volume  = {69},
  number  = {Code Snippet 1},
  pages   = {1--24},
  doi     = {10.18637/jss.v069.c01},
}

@article{parzen1961approach,
  title     = {An Approach to Time Series Analysis},
  author    = {Parzen, Emanuel},
  year      = {1961},
  journal   = {The Annals of Mathematical Statistics},
  volume    = {32},
  number    = {4},
  pages     = {951--989},
  doi       = {10.1214/aoms/1177704840},
  publisher = {Institute of Mathematical Statistics},
}

@article{pedregosa2011scikit,
  title   = {Scikit-learn: Machine Learning in Python},
  author  = {Pedregosa, Fabian and Varoquaux, Ga{{\"e}}l and Gramfort, Alexandre and Michel, Vincent and Thirion, Bertrand and Grisel, Olivier and Blondel, Mathieu and Prettenhofer, Peter and Weiss, Ron and Dubourg, Vincent and Vanderplas, Jake and Passos, Alexandre and Cournapeau, David and Brucher, Matthieu and Perrot, Matthieu and Duchesnay, {{\'E}}douard},
  year    = {2011},
  journal = {Journal of Machine Learning Research},
  volume  = {12},
  number  = {85},
  pages   = {2825--2830},
  url     = {http://jmlr.org/papers/v12/pedregosa11a.html},
}

@article{piironen2017comparison,
  title     = {Comparison of Bayesian predictive methods for model selection},
  author    = {Piironen, Juho and Vehtari, Aki},
  year      = {2017},
  journal   = {Statistics and Computing},
  volume    = {27},
  number    = {3},
  pages     = {711--735},
  doi       = {10.1007/s11222-016-9649-y},
  publisher = {Springer},
}

@article{poss2020superconsistent,
  title     = {Superconsistent Estimation of Points of Impact in Non-Parametric Regression with Functional Predictors},
  author    = {Po\ss{}, Dominik and Liebl, Dominik and Kneip, Alois and Eisenbarth, Hedwig and Wager, Tor D and Barrett, Lisa Feldman},
  year      = {2020},
  journal   = {Journal of the Royal Statistical Society Series B: Statistical Methodology},
  volume    = {82},
  number    = {4},
  pages     = {1115--1140},
  doi       = {10.1111/rssb.12386},
  publisher = {Wiley Online Library},
}

@article{preda2007pls,
  title     = {PLS classification of functional data},
  author    = {Preda, Cristian and Saporta, Gilbert and L{\'e}v{\'e}der, Caroline},
  year      = {2007},
  journal   = {Computational Statistics},
  volume    = {22},
  number    = {2},
  pages     = {223--235},
  doi       = {10.1007/s00180-007-0041-4},
  publisher = {Springer},
}

@article{ramos2024scikit,
  title   = {scikit-fda: A Python Package for Functional Data Analysis},
  author  = {Ramos-Carre√±o, Carlos and Torrecilla, Jos√© Luis and Carbajo-Berrocal, Miguel and Marcos, Pablo and Su√°rez, Alberto},
  year    = {2024},
  journal = {Journal of Statistical Software},
  volume  = {109},
  number  = {2},
  pages   = {1--37},
  doi     = {10.18637/jss.v109.i02},
}

@book{ramsay2005functional,
  title     = {Functional Data Analysis},
  author    = {Ramsay, James O and Silverman, Bernhard W},
  year      = {2005},
  doi       = {10.1007/b98888},
  isbn      = {978-0-387-40080-8},
  publisher = {Springer},
}

@article{reiss2017methods,
  title     = {Methods for Scalar-on-Function Regression},
  author    = {Reiss, Philip T and Goldsmith, Jeff and Shang, Han Lin and Ogden, R Todd},
  year      = {2017},
  journal   = {International Statistical Review},
  volume    = {85},
  number    = {2},
  pages     = {228--249},
  doi       = {10.1111/insr.12163},
  publisher = {Wiley Online Library},
}


@article{richardson1997bayesian,
  title   = {On Bayesian analysis of mixtures with an unknown number of components (with discussion)},
  author  = {Richardson, Sylvia and Green, Peter J},
  year    = {1997},
  journal = {Journal of the Royal Statistical Society Series B: Statistical Methodology},
  volume  = {59},
  number  = {4},
  pages   = {731--792},
  doi     = {10.1111/1467-9868.00095},
}

@article{robert2014jeffreys,
  title     = {On the Jeffreys-Lindley paradox},
  author    = {Robert, Christian P},
  year      = {2014},
  journal   = {Philosophy of Science},
  volume    = {81},
  number    = {2},
  pages     = {216--232},
  doi       = {10.1086/675729},
  publisher = {Cambridge University Press},
}

@article{rodriguez2014label,
  title     = {Label Switching in Bayesian Mixture Models: Deterministic Relabeling Strategies},
  author    = {Rodr{\'\i}guez, Carlos E and Walker, Stephen G},
  year      = {2014},
  journal   = {Journal of Computational and Graphical Statistics},
  volume    = {23},
  number    = {1},
  pages     = {25--45},
  doi       = {10.1080/10618600.2012.735624},
  publisher = {Taylor \& Francis},
}


@article{roodaki2014relabeling,
  title   = {Relabeling and Summarizing Posterior Distributions in Signal Decomposition Problems When the Number of Components is Unknown},
  author  = {Roodaki, Alireza and Bect, Julien and Fleury, Gilles},
  year    = {2014},
  journal = {IEEE Transactions On Signal Processing},
  volume  = {62},
  number  = {16},
  pages   = {4091--4104},
  doi     = {10.1109/TSP.2014.2333569},
}

@incollection{rosenthal2011optimal,
  title     = {Optimal proposal distributions and adaptive MCMC},
  booktitle = {Handbook of Markov Chain Monte Carlo},
  author    = {Rosenthal, Jeffrey S},
  year      = {2011},
  pages     = {93--111},
  doi       = {10.1201/b10905},
  editor    = {Brooks, S and Gelman, A and Jones, G and Meng, X-L},
  publisher = {Chapman \& Hall/CRC},
}


@article{scarpa2009bayesian,
  title     = {Bayesian Hierarchical Functional Data Analysis Via Contaminated Informative Priors},
  author    = {Scarpa, Bruno and Dunson, David B},
  year      = {2009},
  journal   = {Biometrics},
  volume    = {65},
  number    = {3},
  pages     = {772--780},
  doi       = {10.1111/j.1541-0420.2008.01163.x},
  publisher = {Wiley Online Library},
}

@book{schervish1995theory,
  title     = {Theory of Statistics},
  author    = {Schervish, Mark J},
  year      = {1995},
  doi       = {10.1007/978-1-4612-4250-5},
  publisher = {Springer},
}

@article{schwartz1965bayes,
  title     = {On Bayes procedures},
  author    = {Schwartz, Lorraine},
  year      = {1965},
  journal   = {Zeitschrift f\"{u}r Wahrscheinlichkeitstheorie und Verwandte Gebiete},
  volume    = {4},
  number    = {1},
  pages     = {10--26},
  doi       = {10.1007/bf00535479},
  publisher = {Springer},
}

@book{shi2011gaussian,
  title     = {Gaussian Process Regression Analysis for Functional Data},
  author    = {Shi, Jian Qing and Choi, Taeryon},
  year      = {2011},
  doi       = {10.1201/b11038},
  publisher = {Chapman and Hall/CRC},
}

@article{shin2008extension,
  title     = {An extension of Fisher's discriminant analysis for stochastic processes},
  author    = {Shin, Hyejin},
  year      = {2008},
  journal   = {Journal of Multivariate Analysis},
  volume    = {99},
  number    = {6},
  pages     = {1191--1216},
  doi       = {10.1016/j.jmva.2007.08.001},
  publisher = {Elsevier},
}

@article{simola2021approximate,
  title     = {Approximate Bayesian computation for finite mixture models},
  author    = {Simola, Umberto and Cisewski-Kehe, Jessi and Wolpert, Robert L},
  year      = {2021},
  journal   = {Journal of Statistical Computation and Simulation},
  volume    = {91},
  number    = {6},
  pages     = {1155--1174},
  doi       = {10.1080/00949655.2020.1843169},
  publisher = {Taylor \& Francis},
}

@article{sperrin2010probabilistic,
  title   = {Probabilistic relabelling strategies for the label switching problem in Bayesian mixture models},
  author  = {Sperrin, Matthew and Jaki, Thomas and Wit, Ernst},
  year    = {2010},
  journal = {Statistics and Computing},
  volume  = {20},
  pages   = {357--366},
  doi     = {10.1007/s11222-009-9129-8},
}

@article{stephens2000dealing,
  title     = {Dealing With Label Switching in Mixture Models},
  author    = {Stephens, Matthew},
  year      = {2000},
  journal   = {Journal of the Royal Statistical Society Series B: Statistical Methodology},
  volume    = {62},
  number    = {4},
  pages     = {795--809},
  doi       = {10.1111/1467-9868.00265},
  publisher = {Wiley Online Library},
}

@article{sur2019modern,
  title     = {A modern maximum-likelihood theory for high-dimensional logistic regression},
  author    = {Sur, Pragya and Cand{\`e}s, Emmanuel J},
  year      = {2019},
  journal   = {Proceedings of the National Academy of Sciences},
  volume    = {116},
  number    = {29},
  pages     = {14516--14525},
  doi       = {10.1073/pnas.1810420116},
  publisher = {National Acad Sciences},
}

@article{torrecilla2020optimal,
  title     = {Optimal classification of Gaussian processes in homo- and heteroscedastic settings},
  author    = {Torrecilla, Jos\'{e} L and Ramos-Carre\~{n}o, Carlos and S\'{a}nchez-Monta\~{n}\'{e}s, Manuel and Su\'{a}rez, Alberto},
  year      = {2020},
  journal   = {Statistics and Computing},
  volume    = {30},
  number    = {4},
  pages     = {1091--1111},
  doi       = {10.1007/s11222-020-09937-7},
  publisher = {Springer},
}

@inproceedings{torrecilla2016feature,
  title     = {Feature selection in functional data classification with recursive maxima hunting},
  booktitle = {Advances in Neural Information Processing Systems 29 (NIPS 2016)},
  author    = {Torrecilla, Jos{\'e} L and Su{\'a}rez, Alberto},
  year      = {2016},
  editor    = {Lee, D and Sugiyama, M and Luxburg, U and Guyon, I and Garnett, R},
  url       = {https://proceedings.neurips.cc/paper/2016/hash/28b60a16b55fd531047c0c958ce14b95-Abstract.html},
}



@article{tuddenham1954physical,
  title   = {Physical growth of California boys and girls from birth to eighteen years},
  author  = {Tuddenham, R D and Snyder, M M},
  year    = {1954},
  journal = {University of California Publications in Child Development},
  volume  = {1},
  number  = {2},
  pages   = {183--364},
  url     = {https://pubmed.ncbi.nlm.nih.gov/13217130/},
}

@article{ullah2013applications,
  title   = {Applications of functional data analysis: A systematic review},
  author  = {Ullah, Shahid and Finch, Caroline F},
  year    = {2013},
  journal = {BMC Medical Research Methodology},
  volume  = {13:43},
  pages   = {1--12},
  doi     = {10.1186/1471-2288-13-43},
}

@book{van1998asymptotic,
  title     = {Asymptotic Statistics},
  author    = {Van der Vaart, Aad W},
  year      = {1998},
  doi       = {10.1017/CBO9780511802256},
  publisher = {Cambridge University Press},
}

@article{wales1997global,
  title     = {Global Optimization by Basin-Hopping and the Lowest Energy Structures of Lennard-Jones Clusters Containing up to 110 Atoms},
  author    = {Wales, David J and Doye, Jonathan P K},
  year      = {1997},
  journal   = {The Journal of Physical Chemistry A},
  volume    = {101},
  number    = {28},
  pages     = {5111--5116},
  doi       = {10.1021/jp970984n},
  publisher = {ACS Publications},
}

@article{yuan2010reproducing,
  title     = {A reproducing kernel Hilbert space approach to functional linear regression},
  author    = {Yuan, Ming and Cai, T Tony},
  year      = {2010},
  journal   = {The Annals of Statistics},
  volume    = {38},
  number    = {6},
  pages     = {3412--3444},
  doi       = {10.1214/09-AOS772},
  publisher = {Institute of Mathematical Statistics},
}

@incollection{zellner1986assessing,
  title     = {On Assessing Prior Distributions and Bayesian Regression Analysis with g-Prior Distributions},
  booktitle = {Bayesian Inference and Decision Techniques: Essays in Honor of Bruno de Finetti},
  author    = {Zellner, Arnold},
  year      = {1986},
  volume    = {6},
  pages     = {233--243},
  editor    = {Goel, P and Zellner, Arnold},
  publisher = {Elsevier},
}
